@article{galantucci2010very,
  title={Very fine near-wall structures in turbulent scalar mixing},
  author={Galantucci, L. and Quadrio, M.},
  journal={International Journal of Heat and Fluid Flow},
  volume={31},
  number={4},
  pages={499--506},
  year={2010},
  publisher={Elsevier},
  doi="10.1016/j.ijheatfluidflow.2010.04.002"
}

@article{kim1987turbulence,
  title={Turbulence statistics in fully developed channel flow at low Reynolds number},
  author={Kim, J. and Moin, P. and Moser, R.},
  journal={Journal of fluid mechanics},
  volume={177},
  pages={133--166},
  year={1987},
  publisher={Cambridge Univ Press},
  doi="10.1017/S0022112087000892"
}

@article{vreman2014comparison,
  title={Comparison of direct numerical simulation databases of turbulent channel flow at Re $\tau$= 180},
  author={Vreman, A. W. and Kuerten, J. G. M.},
  journal={Physics of Fluids},
  volume={26},
  number={1},
  pages={015102},
  year={2014},
  publisher={AIP},
  doi="10.1063/1.4861064"
}

@inproceedings{kasagi1991direct,
  title={Direct numerical simulation of the passive scalar field in a two-dimensional turbulent channel flow},
  author={Kasagi, N. and Tomita, Y. and Kuroda, A.},
  booktitle={Proceedings of the 1991 ASME JSME thermal engineering joint conference},
  year={1991}
}

@article{kawamura1998dns,
  title={DNS of turbulent heat transfer in channel flow with low to medium-high Prandtl number fluid},
  author={Kawamura, H. and Ohsaka, K. and Abe, H. and Yamamoto, K.},
  journal={International Journal of Heat and Fluid Flow},
  volume={19},
  number={5},
  pages={482--491},
  year={1998},
  publisher={Elsevier},
  doi="10.1016/S0142-727X(98)10026-7"
}

@article{papavassiliou1997transport,
  title={Transport of a passive scalar in a turbulent channel flow},
  author={Papavassiliou, D. V. and Hanratty, T. J.},
  journal={International Journal of Heat and Mass Transfer},
  volume={40},
  number={6},
  pages={1303--1311},
  year={1997},
  publisher={Elsevier},
  doi="10.1016/S0017-9310(96)00202-5"
}

@incollection{kim1989transport,
  title={Transport of passive scalars in a turbulent channel flow},
  author={Kim, J. and Moin, P.},
  booktitle={Turbulent Shear Flows 6},
  pages={85--96},
  year={1989},
  publisher={Springer},
  doi="10.1007/978-3-642-73948-4_9"
}

@article{johansson2000dns,
  title={DNS and modelling of passive scalar transport in turbulent channel flow with a focus on scalar dissipation rate modelling},
  author={Johansson, A. V. and Wikstr{\"o}m, P. M.},
  journal={Flow, turbulence and combustion},
  volume={63},
  number={1},
  pages={223--245},
  year={2000},
  publisher={Springer},
  doi="10.1023/A:1009948606944"
}

@article{gavrilakis1986direct,
  title={Direct and Large Eddy Simulation of Turbulence, Notes on Numerical Fluid Mechanics Vol.},
  author={Gavrilakis, S. and Tsai, H. M. and Voke, P. R. and Leslie, D. C.},
  journal={U. Schumann, R. Friedrich, Vieweg, Braunschweig, DBR},
  pages={105},
  year={1986}
}

@article{lam1988investigation,
  title={Investigation of turbulent flow bounded by a wall and a free surface},
  author={Lam, K. and Banerjee, S.},
  journal={Fundamentals of Gas-Liquid Flows},
  volume={72},
  pages={29--38},
  year={1988}
}

@article{tiselj2001effect,
  title={Effect of wall boundary condition on scalar transfer in a fully developed turbulent flume},
  author={Tiselj, I. and Pogrebnyak, E. and Li, C. and Mosyak, A. and Hetsroni, G.},
  journal={Physics of fluids},
  volume={13},
  number={4},
  pages={1028--1039},
  year={2001},
  publisher={AIP},
  doi="10.1063/1.1350899"
}

@article{tiselj2012dns,
  title={DNS of turbulent channel flow with conjugate heat transfer at Prandtl number 0.01},
  author={Tiselj, I. and Cizelj, L.},
  journal={Nuclear Engineering and Design},
  volume={253},
  pages={153--160},
  year={2012},
  publisher={Elsevier},
  doi="10.1016/j.nucengdes.2012.08.008"
}

@article{tiselj2014tracking,
  author = {Tiselj, I.},
  title = {Tracking of large-scale structures in turbulent channel with direct numerical simulation of low Prandtl number passive scalar},
  journal = {Physics of Fluids},
  volume = {26},
  number = {12},
  pages = {125111},
  year = {2014},
  doi = "10.1063/1.4905018"
}

@article{jimenez1991minimal,
  title={The minimal flow unit in near-wall turbulence},
  author={Jim{\'e}nez, J. and Moin, P.},
  journal={Journal of Fluid Mechanics},
  volume={225},
  pages={213--240},
  year={1991},
  publisher={Cambridge Univ Press},
  doi="10.1017/S0022112091002033"
}

@techreport{obukhov1968structure,
  title={Structure of the temperature field in turbulent flow},
  author={Obukhov, A. M.},
  year={1968},
  institution={DTIC Document}
}

@article{corrsin1951spectrum,
  title={On the spectrum of isotropic temperature fluctuations in an isotropic turbulence},
  author={Corrsin, S.},
  journal={Journal of Applied Physics},
  volume={22},
  number={4},
  pages={469--473},
  year={1951},
  publisher={AIP},
  doi="10.1063/1.1699986 "
}

@article{batchelor1959small,
  title={Small-scale variation of convected quantities like temperature in turbulent fluid Part 1. General discussion and the case of small conductivity},
  author={Batchelor, G. K.},
  journal={Journal of Fluid Mechanics},
  volume={5},
  number={01},
  pages={113--133},
  year={1959},
  publisher={Cambridge Univ Press},
  doi="10.1017/S002211205900009X"
}

@article{batchelor1959small2,
  title={Small-scale variation of convected quantities like temperature in turbulent fluid Part 2. The case of large conductivity},
  author={Batchelor, G. K. and Howells, I. D. and Townsend, A. A.},
  journal={Journal of Fluid Mechanics},
  volume={5},
  number={01},
  pages={134--139},
  year={1959},
  publisher={Cambridge Univ Press},
  doi="10.1017/S0022112059000106"
}

@article{warhaft2000passive,
  title={Passive scalars in turbulent flows},
  author={Warhaft, Z.},
  journal={Annual Review of Fluid Mechanics},
  volume={32},
  number={1},
  pages={203--240},
  year={2000},
  publisher={Annual Reviews 4139 El Camino Way, PO Box 10139, Palo Alto, CA 94303-0139, USA},
  doi="10.1146/annurev.fluid.32.1.203"
}

@article{schumacher2005very,
  title={Very fine structures in scalar mixing},
  author={Schumacher, J. and Sreenivasan, K. R. and Yeung, P.K.},
  journal={Journal of Fluid Mechanics},
  volume={531},
  pages={113--122},
  year={2005},
  publisher={Cambridge Univ Press},
  doi="10.1017/S0022112005004040"
}

@article{donzis2010resolution,
  title={Resolution effects and scaling in numerical simulations of passive scalar mixing in turbulence},
  author={Donzis, D. A. and Yeung, P. K.},
  journal={Physica D: Nonlinear Phenomena},
  volume={239},
  number={14},
  pages={1278--1287},
  year={2010},
  publisher={Elsevier},
  doi="10.1016/j.physd.2009.09.024"
}

@article{pope2013small,
  title={Small scales, many species and the manifold challenges of turbulent combustion},
  author={Pope, S. B.},
  journal={Proceedings of the Combustion Institute},
  volume={34},
  number={1},
  pages={1--31},
  year={2013},
  publisher={Elsevier},
  doi="10.1016/j.proci.2012.09.009"
}

@article{oliver2014estimating,
  title={Estimating uncertainties in statistics computed from direct numerical simulation},
  author={Oliver, T. A. and Malaya, N. and Ulerich, R. and Moser, R. D.},
  journal={Physics of Fluids},
  volume={26},
  number={3},
  pages={035101},
  year={2014},
  publisher={AIP},
  doi="10.1063/1.4866813"
}

@article{banerjee2007presentation,
  title={Presentation of anisotropy properties of turbulence, invariants versus eigenvalue approaches},
  author={Banerjee, S. and Krahl, R. and Durst, F. and Zenger, Ch.},
  journal={Journal of Turbulence},
  number={8},
  pages={N32},
  year={2007},
  publisher={Taylor \& Francis},
  doi="10.1080/14685240701506896"
}

@article{flageul2017discontinuity,
  title={On the discontinuity of the dissipation rate associated with the temperature variance at the fluid-solid interface for cases with conjugate heat transfer},
  author={Flageul, C. and Benhamadouche, S. and Lamballais, {\'E}. and Laurence, D.},
  journal={International Journal of Heat and Mass Transfer},
  volume={111},
  pages={321--328},
  year={2017},
  publisher={Elsevier},
  doi="10.1016/j.ijheatmasstransfer.2017.04.005"
}

@book{billingsley2008probability,
  title={Probability and measure},
  author={Billingsley, P.},
  year={2008},
  publisher={John Wiley \& Sons},
  isbn="978-1118122372"
}

@article{lumley1977return,
  title={The return to isotropy of homogeneous turbulence},
  author={Lumley, J. L. and Newman, G. R.},
  journal={Journal of Fluid Mechanics},
  volume={82},
  number={01},
  pages={161--178},
  year={1977},
  publisher={Cambridge Univ Press},
  doi="10.1017/S0022112077000585"
}

@article{brethouwer2003micro,
  title={Micro-structure and Lagrangian statistics of the scalar field with a mean gradient in isotropic turbulence},
  author={Brethouwer, G. and Hunt, J. C. R. and Nieuwstadt, F. T. M.},
  journal={Journal of Fluid Mechanics},
  volume={474},
  pages={193--225},
  year={2003},
  publisher={Cambridge University Press},
  doi="10.1017/S0022112002002549"
}

@article{gotoh2012spectral,
  title={Spectral compact difference hybrid computation of passive scalar in isotropic turbulence},
  author={Gotoh, T. and Hatanaka, S. and Miura, H.},
  journal={Journal of Computational Physics},
  volume={231},
  number={21},
  pages={7398--7414},
  year={2012},
  publisher={Elsevier},
  doi="10.1016/j.jcp.2012.07.010"
}